@ARTICLE{Abrams:1999,
       author = {{Abrams}, Daniel S. and {Lloyd}, Seth},
        title = "{Quantum Algorithm Providing Exponential Speed Increase for Finding Eigenvalues and Eigenvectors}",
      journal = {\prl},
     keywords = {Quantum Physics},
         year = "1999",
        month = "Dec",
       volume = {83},
       number = {24},
        pages = {5162-5165},
          doi = {10.1103/PhysRevLett.83.5162},
archivePrefix = {arXiv},
       eprint = {quant-ph/9807070},
 primaryClass = {quant-ph},
       adsurl = {https://ui.adsabs.harvard.edu/abs/1999PhRvL..83.5162A},
      adsnote = {Provided by the SAO/NASA Astrophysics Data System}
}


@article{Dawson:2008td,
	Author = {Dawson, C. M. and Eisert, J. and Osborne, T. J.},
	Doi = {10.1103/PhysRevLett.100.130501},
	Issue = {13},
	Journal = {Phys. Rev. Lett.},
	Month = {Mar},
	Numpages = {4},
	Pages = {130501},
	Publisher = {American Physical Society},
	Title = {Unifying Variational Methods for Simulating Quantum Many-Body Systems},
	Url = {https://link.aps.org/doi/10.1103/PhysRevLett.100.130501},
	Volume = {100},
	Year = {2008}}

@article{Dumitrescu:2018az,
	Author = {Dumitrescu, E. F. and McCaskey, A. J. and Hagen, G. and Jansen, G. R. and Morris, T. D. and Papenbrock, T. and Pooser, R. C. and Dean, D. J. and Lougovski, P.},
	Doi = {10.1103/PhysRevLett.120.210501},
	Issue = {21},
	Journal = {Phys. Rev. Lett.},
	Month = {May},
	Numpages = {6},
	Pages = {210501},
	Publisher = {American Physical Society},
	Title = {Cloud Quantum Computing of an Atomic Nucleus},
	Url = {https://link.aps.org/doi/10.1103/PhysRevLett.120.210501},
	Volume = {120},
	Year = {2018}}


@article{Elhatisari:2015iga,
      author         = "Elhatisari, Serdar and Lee, Dean and Rupak, Gautam and
                        Epelbaum, Evgeny and Krebs, Hermann and L{\"a}hde, Timo A.
                        and Luu, Thomas and Mei{\ss}ner, Ulf-G.",
      title          = "{Ab initio alpha-alpha scattering}",
      journal        = "Nature",
      volume         = "528",
      year           = "2015",
      pages          = "111",
      doi            = "10.1038/nature16067",
      eprint         = "1506.03513",
      archivePrefix  = "arXiv",
      primaryClass   = "nucl-th",
      SLACcitation   = "%%CITATION = ARXIV:1506.03513;%%"
}

@unpublished{Farhi:2000a,
       author = {{Farhi}, Edward and {Goldstone}, Jeffrey and {Gutmann}, Sam and
        {Sipser}, Michael},
        title = {Quantum Computation by Adiabatic Evolution},
      note = {quant-ph/0001106},
     keywords = {Quantum Physics},
         year = 2000,
        month = Jan,
%          eid = {quant-ph/0001106},
%        pages = {quant-ph/0001106},
%archivePrefix = {arXiv},
%       eprint = {quant-ph/0001106},
% primaryClass = {quant-ph},
%       adsurl = {https://ui.adsabs.harvard.edu/#abs/2000quant.ph..1106F},
%      adsnote = {Provided by the SAO/NASA Astrophysics Data System}
}


@ARTICLE{Farhi:2014,
       author = {{Farhi}, Edward and {Goldstone}, Jeffrey and {Gutmann}, Sam},
        title = "{A Quantum Approximate Optimization Algorithm}",
      journal = {arXiv e-prints},
     keywords = {Quantum Physics},
         year = "2014",
        month = "Nov",
          eid = {arXiv:1411.4028},
        pages = {arXiv:1411.4028},
archivePrefix = {arXiv},
       eprint = {1411.4028},
 primaryClass = {quant-ph},
       adsurl = {https://ui.adsabs.harvard.edu/abs/2014arXiv1411.4028F},
      adsnote = {Provided by the SAO/NASA Astrophysics Data System}
}
@article{Frame:2017fah,
      author         = "Frame, Dillon and He, Rongzheng and Ipsen, Ilse and Lee,
                        Daniel and Lee, Dean and Rrapaj, Ermal",
      title          = "{Eigenvector continuation with subspace learning}",
      journal        = "Phys. Rev. Lett.",
      volume         = "121",
      year           = "2018",
      number         = "3",
      pages          = "032501",
      doi            = "10.1103/PhysRevLett.121.032501",
      eprint         = "1711.07090",
      archivePrefix  = "arXiv",
      primaryClass   = "nucl-th",
      SLACcitation   = "%%CITATION = ARXIV:1711.07090;%%"
}


@article{Haegeman:2013ve,
	Author = {Haegeman, Jutho and Osborne, Tobias J. and Verschelde, Henri and Verstraete, Frank},
	Date-Added = {2018-07-18 07:31:14 +0000},
	Date-Modified = {2018-07-18 07:31:17 +0000},
	Doi = {10.1103/PhysRevLett.110.100402},
	Issue = {10},
	Journal = {Phys. Rev. Lett.},
	Month = {Mar},
	Numpages = {5},
	Pages = {100402},
	Publisher = {American Physical Society},
	Title = {Entanglement Renormalization for Quantum Fields in Real Space},
	Url = {https://link.aps.org/doi/10.1103/PhysRevLett.110.100402},
	Volume = {110},
	Year = {2013}}


@article {Islam:2013a,
	author = {Islam, R. and Senko, C. and Campbell, W. C. and Korenblit, S. and Smith, J. and Lee, A. and Edwards, E. E. and Wang, C.-C. J. and Freericks, J. K. and Monroe, C.},
	title = {Emergence and Frustration of Magnetism with Variable-Range Interactions in a Quantum Simulator},
	volume = {340},
	number = {6132},
	pages = {583--587},
	year = {2013},
	doi = {10.1126/science.1232296},
	publisher = {American Association for the Advancement of Science},
	issn = {0036-8075},
	URL = {http://science.sciencemag.org/content/340/6132/583},
	eprint = {http://science.sciencemag.org/content/340/6132/583.full.pdf},
	journal = {Science}
}

@article{Kandala:2019,
      author         = "Kandala, Abhinav and Temme, Kristan and C{\'o}rcoles, Antonio and Mezzacapo, Antonio and Chow, Jerry and Gambetta, Jay",
      title          = "{Error mitigation extends the computational reach of a noisy quantum processor}",
      journal        = "Nature",
      volume         = "567",
      year           = "2019",
      pages          = "491-495"
}



@article{Lee:2019gtc,
      author         = "Lee, Dean and Watkins, Jacob and Frame, Dillon and Given,
                        Gabriel and He, Rongzheng and Li, Ning and Lu, Bing-Nan
                        and Sarkar, Avik",
      title          = "{Time fractals and discrete scale invariance with trapped
                        ions}",
      year           = "2019",
      eprint         = "1901.01661",
      archivePrefix  = "arXiv",
      primaryClass   = "cond-mat.quant-gas",
      SLACcitation   = "%%CITATION = ARXIV:1901.01661;%%"
}


@article{Lee:2019dd,
	Annote = {doi: 10.1021/acs.jctc.8b01004},
	Author = {Lee, Joonho and Huggins, William J. and Head-Gordon, Martin and Whaley, K. Birgitta},
	Doi = {10.1021/acs.jctc.8b01004},
	Isbn = {1549-9618},
	Journal = {J. Chem. Theory Comput.},
	Month = {01},
	Number = {1},
	Pages = {311--324},
	Publisher = {American Chemical Society},
	Title = {Generalized Unitary Coupled Cluster Wave functions for Quantum Computation},
	Ty = {JOUR},
	Url = {https://doi.org/10.1021/acs.jctc.8b01004},
	Volume = {15},
	Year = {2019}}


@article{Lu:2018aq,
	Archiveprefix = {arXiv},
	Author = {{Lu}, Hsuan-Hao and {Klco}, Natalie and {Lukens}, Joseph M. and {Morris}, Titus D. and {Bansal}, Aaina and {Ekstr{\"o}m}, Andreas and {Hagen}, Gaute and {Papenbrock}, Thomas and {Weiner}, Andrew M. and {Savage}, Martin J. and {Lougovski}, Pavel},
	Eid = {arXiv:1810.03959},
	Eprint = {1810.03959},
	Journal = {arXiv e-prints},
	Keywords = {Quantum Physics, High Energy Physics - Lattice, High Energy Physics - Phenomenology, Nuclear Theory, Physics - Optics},
	Month = {Oct},
	Pages = {arXiv:1810.03959},
	Primaryclass = {quant-ph},
	Title = {{Simulations of Subatomic Many-Body Physics on a Quantum Frequency Processor}},
	Year = {2018}}

@article{McClean:2016qr,
	Author = {Jarrod R McClean and Jonathan Romero and Ryan Babbush and Al{\'a}n Aspuru-Guzik},
	Journal = {New Journal of Physics},
	Number = {2},
	Pages = {023023},
	Title = {The theory of variational hybrid quantum-classical algorithms},
	Ty = {JOUR},
	Url = {http://stacks.iop.org/1367-2630/18/i=2/a=023023},
	Volume = {18},
	Year = {2016}}

@article{Mehta:2014fk,
	Adsnote = {Provided by the SAO/NASA Astrophysics Data System},
	Adsurl = {http://adsabs.harvard.edu/abs/2014arXiv1410.3831M},
	Archiveprefix = {arXiv},
	Author = {{Mehta}, P. and {Schwab}, D.~J.},
	Eprint = {1410.3831},
	Journal = {ArXiv e-prints},
	Keywords = {Statistics - Machine Learning, Condensed Matter - Statistical Mechanics, Computer Science - Learning, Computer Science - Neural and Evolutionary Computing},
	Month = oct,
	Primaryclass = {stat.ML},
	Title = {{An exact mapping between the Variational Renormalization Group and Deep Learning}},
	Year = 2014}


@article{Wecker:2015bk,
	Author = {Wecker, Dave and Hastings, Matthew B. and Troyer, Matthias},
	Date-Added = {2019-05-28 19:07:47 -0400},
	Date-Modified = {2019-05-28 19:07:51 -0400},
	Doi = {10.1103/PhysRevA.92.042303},
	Issue = {4},
	Journal = {Phys. Rev. A},
	Month = {Oct},
	Numpages = {10},
	Pages = {042303},
	Publisher = {American Physical Society},
	Title = {Progress towards practical quantum variational algorithms},
	Url = {https://link.aps.org/doi/10.1103/PhysRevA.92.042303},
	Volume = {92},
	Year = {2015},
	Bdsk-Url-1 = {https://doi.org/10.1103/PhysRevA.92.042303}}

@article{Zhang:2017a,
	Author = {Zhang, J. and Hess, P. W. and Kyprianidis, A. and Becker, P. and Lee, A. and Smith, J. and Pagano, G. and Potirniche, I. -D. and Potter, A. C. and Vishwanath, A. and Yao, N. Y. and Monroe, C.},
	Date = {2017/03/08/online},
	Date-Added = {2018-05-07 15:54:40 +0000},
	Date-Modified = {2018-05-07 15:54:40 +0000},
	Day = {08},
	Journal = {Nature},
	L3 = {10.1038/nature21413; },
	Month = {03},
	Pages = {217-220},
	Publisher = {Macmillan Publishers Limited, part of Springer Nature. All rights reserved. SN  -},
	Title = {Observation of a discrete time crystal},
	Ty = {JOUR},
	Url = {http://dx.doi.org/10.1038/nature21413},
	Volume = {543},
	Year = {2017},
	Bdsk-Url-1 = {http://dx.doi.org/10.1038/nature21413}}


@article{Zhang:2017b,
	Author = {Zhang, J. and Pagano, G. and Hess, P. W. and Kyprianidis, A. and Becker, P. and Kaplan, H. and Gorshkov, A. V. and Gong, Z. -X. and Monroe, C.},
	Date = {2017/11/29/online},
	Date-Added = {2018-05-07 18:31:29 +0000},
	Date-Modified = {2018-05-07 18:31:29 +0000},
	Day = {29},
	Journal = {Nature},
	L3 = {10.1038/nature24654; },
	Month = {11},
	Pages = {601-604},
	Publisher = {Macmillan Publishers Limited, part of Springer Nature. All rights reserved. SN  -},
	Title = {Observation of a many-body dynamical phase transition with a 53-qubit quantum simulator},
	Ty = {JOUR},
	Url = {http://dx.doi.org/10.1038/nature24654},
	Volume = {551},
	Year = {2017},
	Bdsk-Url-1 = {http://dx.doi.org/10.1038/nature24654}}

@article{Geesaman:2015fha,
      author         = "Aprahamian, Ani and others",
      title          = "{Reaching for the horizon: The 2015 long range plan for
                        nuclear science}",
      year           = "2015",
      SLACcitation   = "%%CITATION = INSPIRE-1398831;%%"
}
@article{Kogut:1974ag,
      author         = "Kogut, John B. and Susskind, Leonard",
      title          = "{Hamiltonian Formulation of Wilson's Lattice Gauge
                        Theories}",
      journal        = "Phys. Rev.",
      volume         = "D11",
      year           = "1975",
      pages          = "395-408",
      doi            = "10.1103/PhysRevD.11.395",
      reportNumber   = "Print-74-1186 (CORNELL)",
      SLACcitation   = "%%CITATION = PHRVA,D11,395;%%"
}
@article{Banks:1975gq,
      author         = "Banks, Tom and Susskind, Leonard and Kogut, John B.",
      title          = "{Strong Coupling Calculations of Lattice Gauge Theories:
                        (1+1)-Dimensional Exercises}",
      journal        = "Phys. Rev.",
      volume         = "D13",
      year           = "1976",
      pages          = "1043",
      doi            = "10.1103/PhysRevD.13.1043",
      reportNumber   = "CLNS-318",
      SLACcitation   = "%%CITATION = PHRVA,D13,1043;%%"
}
@article{Kuhn:2014rha,
      author         = "Kühn, Stefan and Cirac, J. Ignacio and Bañuls,
                        Mari-Carmen",
      title          = "{Quantum simulation of the Schwinger model: A study of
                        feasibility}",
      journal        = "Phys. Rev.",
      volume         = "A90",
      year           = "2014",
      number         = "4",
      pages          = "042305",
      doi            = "10.1103/PhysRevA.90.042305",
      eprint         = "1407.4995",
      archivePrefix  = "arXiv",
      primaryClass   = "quant-ph",
      SLACcitation   = "%%CITATION = ARXIV:1407.4995;%%"
}
@article{Klco:2018kyo,
      author         = "Klco, N. and Dumitrescu, E. F. and McCaskey, A. J. and
                        Morris, T. D. and Pooser, R. C. and Sanz, M. and Solano,
                        E. and Lougovski, P. and Savage, M. J.",
      title          = "{Quantum-classical computation of Schwinger model
                        dynamics using quantum computers}",
      journal        = "Phys. Rev.",
      volume         = "A98",
      year           = "2018",
      number         = "3",
      pages          = "032331",
      doi            = "10.1103/PhysRevA.98.032331",
      eprint         = "1803.03326",
      archivePrefix  = "arXiv",
      primaryClass   = "quant-ph",
      reportNumber   = "INT-PUB-18-013",
      SLACcitation   = "%%CITATION = ARXIV:1803.03326;%%"
}
@ARTICLE{Abrams:1999,
       author = {{Abrams}, Daniel S. and {Lloyd}, Seth},
        title = "{Quantum Algorithm Providing Exponential Speed Increase for Finding Eigenvalues and Eigenvectors}",
      journal = {\prl},
     keywords = {Quantum Physics},
         year = "1999",
        month = "Dec",
       volume = {83},
       number = {24},
        pages = {5162-5165},
          doi = {10.1103/PhysRevLett.83.5162},
archivePrefix = {arXiv},
       eprint = {quant-ph/9807070},
 primaryClass = {quant-ph},
       adsurl = {https://ui.adsabs.harvard.edu/abs/1999PhRvL..83.5162A},
      adsnote = {Provided by the SAO/NASA Astrophysics Data System}
}


@article{Dawson:2008td,
	Author = {Dawson, C. M. and Eisert, J. and Osborne, T. J.},
	Doi = {10.1103/PhysRevLett.100.130501},
	Issue = {13},
	Journal = {Phys. Rev. Lett.},
	Month = {Mar},
	Numpages = {4},
	Pages = {130501},
	Publisher = {American Physical Society},
	Title = {Unifying Variational Methods for Simulating Quantum Many-Body Systems},
	Url = {https://link.aps.org/doi/10.1103/PhysRevLett.100.130501},
	Volume = {100},
	Year = {2008}}

@article{Dumitrescu:2018az,
	Author = {Dumitrescu, E. F. and McCaskey, A. J. and Hagen, G. and Jansen, G. R. and Morris, T. D. and Papenbrock, T. and Pooser, R. C. and Dean, D. J. and Lougovski, P.},
	Doi = {10.1103/PhysRevLett.120.210501},
	Issue = {21},
	Journal = {Phys. Rev. Lett.},
	Month = {May},
	Numpages = {6},
	Pages = {210501},
	Publisher = {American Physical Society},
	Title = {Cloud Quantum Computing of an Atomic Nucleus},
	Url = {https://link.aps.org/doi/10.1103/PhysRevLett.120.210501},
	Volume = {120},
	Year = {2018}}


@article{Elhatisari:2015iga,
      author         = "Elhatisari, Serdar and Lee, Dean and Rupak, Gautam and
                        Epelbaum, Evgeny and Krebs, Hermann and L{\"a}hde, Timo A.
                        and Luu, Thomas and Mei{\ss}ner, Ulf-G.",
      title          = "{Ab initio alpha-alpha scattering}",
      journal        = "Nature",
      volume         = "528",
      year           = "2015",
      pages          = "111",
      doi            = "10.1038/nature16067",
      eprint         = "1506.03513",
      archivePrefix  = "arXiv",
      primaryClass   = "nucl-th",
      SLACcitation   = "%%CITATION = ARXIV:1506.03513;%%"
}

@unpublished{Farhi:2000a,
       author = {{Farhi}, Edward and {Goldstone}, Jeffrey and {Gutmann}, Sam and
        {Sipser}, Michael},
        title = {Quantum Computation by Adiabatic Evolution},
      note = {quant-ph/0001106},
     keywords = {Quantum Physics},
         year = 2000,
        month = Jan,
%          eid = {quant-ph/0001106},
%        pages = {quant-ph/0001106},
%archivePrefix = {arXiv},
%       eprint = {quant-ph/0001106},
% primaryClass = {quant-ph},
%       adsurl = {https://ui.adsabs.harvard.edu/#abs/2000quant.ph..1106F},
%      adsnote = {Provided by the SAO/NASA Astrophysics Data System}
}


@ARTICLE{Farhi:2014,
       author = {{Farhi}, Edward and {Goldstone}, Jeffrey and {Gutmann}, Sam},
        title = "{A Quantum Approximate Optimization Algorithm}",
      journal = {arXiv e-prints},
     keywords = {Quantum Physics},
         year = "2014",
        month = "Nov",
          eid = {arXiv:1411.4028},
        pages = {arXiv:1411.4028},
archivePrefix = {arXiv},
       eprint = {1411.4028},
 primaryClass = {quant-ph},
       adsurl = {https://ui.adsabs.harvard.edu/abs/2014arXiv1411.4028F},
      adsnote = {Provided by the SAO/NASA Astrophysics Data System}
}
@article{Frame:2017fah,
      author         = "Frame, Dillon and He, Rongzheng and Ipsen, Ilse and Lee,
                        Daniel and Lee, Dean and Rrapaj, Ermal",
      title          = "{Eigenvector continuation with subspace learning}",
      journal        = "Phys. Rev. Lett.",
      volume         = "121",
      year           = "2018",
      number         = "3",
      pages          = "032501",
      doi            = "10.1103/PhysRevLett.121.032501",
      eprint         = "1711.07090",
      archivePrefix  = "arXiv",
      primaryClass   = "nucl-th",
      SLACcitation   = "%%CITATION = ARXIV:1711.07090;%%"
}


@article{Haegeman:2013ve,
	Author = {Haegeman, Jutho and Osborne, Tobias J. and Verschelde, Henri and Verstraete, Frank},
	Date-Added = {2018-07-18 07:31:14 +0000},
	Date-Modified = {2018-07-18 07:31:17 +0000},
	Doi = {10.1103/PhysRevLett.110.100402},
	Issue = {10},
	Journal = {Phys. Rev. Lett.},
	Month = {Mar},
	Numpages = {5},
	Pages = {100402},
	Publisher = {American Physical Society},
	Title = {Entanglement Renormalization for Quantum Fields in Real Space},
	Url = {https://link.aps.org/doi/10.1103/PhysRevLett.110.100402},
	Volume = {110},
	Year = {2013}}


@article {Islam:2013a,
	author = {Islam, R. and Senko, C. and Campbell, W. C. and Korenblit, S. and Smith, J. and Lee, A. and Edwards, E. E. and Wang, C.-C. J. and Freericks, J. K. and Monroe, C.},
	title = {Emergence and Frustration of Magnetism with Variable-Range Interactions in a Quantum Simulator},
	volume = {340},
	number = {6132},
	pages = {583--587},
	year = {2013},
	doi = {10.1126/science.1232296},
	publisher = {American Association for the Advancement of Science},
	issn = {0036-8075},
	URL = {http://science.sciencemag.org/content/340/6132/583},
	eprint = {http://science.sciencemag.org/content/340/6132/583.full.pdf},
	journal = {Science}
}

@article{Kandala:2019,
      author         = "Kandala, Abhinav and Temme, Kristan and C{\'o}rcoles, Antonio and Mezzacapo, Antonio and Chow, Jerry and Gambetta, Jay",
      title          = "{Error mitigation extends the computational reach of a noisy quantum processor}",
      journal        = "Nature",
      volume         = "567",
      year           = "2019",
      pages          = "491-495"
}



@article{Lee:2019gtc,
      author         = "Lee, Dean and Watkins, Jacob and Frame, Dillon and Given,
                        Gabriel and He, Rongzheng and Li, Ning and Lu, Bing-Nan
                        and Sarkar, Avik",
      title          = "{Time fractals and discrete scale invariance with trapped
                        ions}",
      year           = "2019",
      eprint         = "1901.01661",
      archivePrefix  = "arXiv",
      primaryClass   = "cond-mat.quant-gas",
      SLACcitation   = "%%CITATION = ARXIV:1901.01661;%%"
}


@article{Lee:2019dd,
	Annote = {doi: 10.1021/acs.jctc.8b01004},
	Author = {Lee, Joonho and Huggins, William J. and Head-Gordon, Martin and Whaley, K. Birgitta},
	Doi = {10.1021/acs.jctc.8b01004},
	Isbn = {1549-9618},
	Journal = {J. Chem. Theory Comput.},
	Month = {01},
	Number = {1},
	Pages = {311--324},
	Publisher = {American Chemical Society},
	Title = {Generalized Unitary Coupled Cluster Wave functions for Quantum Computation},
	Ty = {JOUR},
	Url = {https://doi.org/10.1021/acs.jctc.8b01004},
	Volume = {15},
	Year = {2019}}


@article{Lu:2018aq,
	Archiveprefix = {arXiv},
	Author = {{Lu}, Hsuan-Hao and {Klco}, Natalie and {Lukens}, Joseph M. and {Morris}, Titus D. and {Bansal}, Aaina and {Ekstr{\"o}m}, Andreas and {Hagen}, Gaute and {Papenbrock}, Thomas and {Weiner}, Andrew M. and {Savage}, Martin J. and {Lougovski}, Pavel},
	Eid = {arXiv:1810.03959},
	Eprint = {1810.03959},
	Journal = {arXiv e-prints},
	Keywords = {Quantum Physics, High Energy Physics - Lattice, High Energy Physics - Phenomenology, Nuclear Theory, Physics - Optics},
	Month = {Oct},
	Pages = {arXiv:1810.03959},
	Primaryclass = {quant-ph},
	Title = {{Simulations of Subatomic Many-Body Physics on a Quantum Frequency Processor}},
	Year = {2018}}

@article{McClean:2016qr,
	Author = {Jarrod R McClean and Jonathan Romero and Ryan Babbush and Al{\'a}n Aspuru-Guzik},
	Journal = {New Journal of Physics},
	Number = {2},
	Pages = {023023},
	Title = {The theory of variational hybrid quantum-classical algorithms},
	Ty = {JOUR},
	Url = {http://stacks.iop.org/1367-2630/18/i=2/a=023023},
	Volume = {18},
	Year = {2016}}

@article{Mehta:2014fk,
	Adsnote = {Provided by the SAO/NASA Astrophysics Data System},
	Adsurl = {http://adsabs.harvard.edu/abs/2014arXiv1410.3831M},
	Archiveprefix = {arXiv},
	Author = {{Mehta}, P. and {Schwab}, D.~J.},
	Eprint = {1410.3831},
	Journal = {ArXiv e-prints},
	Keywords = {Statistics - Machine Learning, Condensed Matter - Statistical Mechanics, Computer Science - Learning, Computer Science - Neural and Evolutionary Computing},
	Month = oct,
	Primaryclass = {stat.ML},
	Title = {{An exact mapping between the Variational Renormalization Group and Deep Learning}},
	Year = 2014}


@article{Wecker:2015bk,
	Author = {Wecker, Dave and Hastings, Matthew B. and Troyer, Matthias},
	Date-Added = {2019-05-28 19:07:47 -0400},
	Date-Modified = {2019-05-28 19:07:51 -0400},
	Doi = {10.1103/PhysRevA.92.042303},
	Issue = {4},
	Journal = {Phys. Rev. A},
	Month = {Oct},
	Numpages = {10},
	Pages = {042303},
	Publisher = {American Physical Society},
	Title = {Progress towards practical quantum variational algorithms},
	Url = {https://link.aps.org/doi/10.1103/PhysRevA.92.042303},
	Volume = {92},
	Year = {2015},
	Bdsk-Url-1 = {https://doi.org/10.1103/PhysRevA.92.042303}}

@article{Zhang:2017a,
	Author = {Zhang, J. and Hess, P. W. and Kyprianidis, A. and Becker, P. and Lee, A. and Smith, J. and Pagano, G. and Potirniche, I. -D. and Potter, A. C. and Vishwanath, A. and Yao, N. Y. and Monroe, C.},
	Date = {2017/03/08/online},
	Date-Added = {2018-05-07 15:54:40 +0000},
	Date-Modified = {2018-05-07 15:54:40 +0000},
	Day = {08},
	Journal = {Nature},
	L3 = {10.1038/nature21413; },
	Month = {03},
	Pages = {217-220},
	Publisher = {Macmillan Publishers Limited, part of Springer Nature. All rights reserved. SN  -},
	Title = {Observation of a discrete time crystal},
	Ty = {JOUR},
	Url = {http://dx.doi.org/10.1038/nature21413},
	Volume = {543},
	Year = {2017},
	Bdsk-Url-1 = {http://dx.doi.org/10.1038/nature21413}}


@article{Zhang:2017b,
	Author = {Zhang, J. and Pagano, G. and Hess, P. W. and Kyprianidis, A. and Becker, P. and Kaplan, H. and Gorshkov, A. V. and Gong, Z. -X. and Monroe, C.},
	Date = {2017/11/29/online},
	Date-Added = {2018-05-07 18:31:29 +0000},
	Date-Modified = {2018-05-07 18:31:29 +0000},
	Day = {29},
	Journal = {Nature},
	L3 = {10.1038/nature24654; },
	Month = {11},
	Pages = {601-604},
	Publisher = {Macmillan Publishers Limited, part of Springer Nature. All rights reserved. SN  -},
	Title = {Observation of a many-body dynamical phase transition with a 53-qubit quantum simulator},
	Ty = {JOUR},
	Url = {http://dx.doi.org/10.1038/nature24654},
	Volume = {551},
	Year = {2017},
	Bdsk-Url-1 = {http://dx.doi.org/10.1038/nature24654}}

@article{Mitarai2018,
  title = {Quantum circuit learning},
  author = {Mitarai, K. and Negoro, M. and Kitagawa, M. and Fujii, K.},
  journal = {Phys. Rev. A},
  volume = {98},
  issue = {3},
  pages = {032309},
  numpages = {6},
  year = {2018},
  month = {Sep},
  publisher = {American Physical Society},
  doi = {10.1103/PhysRevA.98.032309},
  url = {https://link.aps.org/doi/10.1103/PhysRevA.98.032309}
}

@ARTICLE{Cincio2018,
       author = {{Cincio}, Lukasz and {Suba{\c{s}}{\i}}, Yi{\u{g}}it and
         {Sornborger}, Andrew T. and {Coles}, Patrick J.},
        title = "{Learning the quantum algorithm for state overlap}",
      journal = {New Journal of Physics},
     keywords = {Quantum Physics},
         year = "2018",
        month = "Nov",
       volume = {20},
       number = {11},
          eid = {113022},
        pages = {113022},
          doi = {10.1088/1367-2630/aae94a},
archivePrefix = {arXiv},
       eprint = {1803.04114},
 primaryClass = {quant-ph},
       adsurl = {https://ui.adsabs.harvard.edu/abs/2018NJPh...20k3022C},
      adsnote = {Provided by the SAO/NASA Astrophysics Data System}
}

@ARTICLE{Khatri2018,
       author = {{Khatri}, Sumeet and {LaRose}, Ryan and {Poremba}, Alexander and
         {Cincio}, Lukasz and {Sornborger}, Andrew T. and {Coles}, Patrick J.},
        title = "{Quantum-assisted quantum compiling}",
      journal = {arXiv e-prints},
     keywords = {Quantum Physics},
         year = "2018",
        month = "Jul",
          eid = {arXiv:1807.00800},
        pages = {arXiv:1807.00800},
archivePrefix = {arXiv},
       eprint = {1807.00800},
 primaryClass = {quant-ph},
       adsurl = {https://ui.adsabs.harvard.edu/abs/2018arXiv180700800K},
      adsnote = {Provided by the SAO/NASA Astrophysics Data System}
}

@ARTICLE{LaRose2018,
       author = {{LaRose}, Ryan and {Tikku}, Arkin and {O'Neel-Judy}, {\'E}tude and
         {Cincio}, Lukasz and {Coles}, Patrick J.},
        title = "{Variational Quantum State Diagonalization}",
      journal = {arXiv e-prints},
     keywords = {Quantum Physics},
         year = "2018",
        month = "Oct",
          eid = {arXiv:1810.10506},
        pages = {arXiv:1810.10506},
archivePrefix = {arXiv},
       eprint = {1810.10506},
 primaryClass = {quant-ph},
       adsurl = {https://ui.adsabs.harvard.edu/abs/2018arXiv181010506L},
      adsnote = {Provided by the SAO/NASA Astrophysics Data System}
}